<?xml version="1.0" encoding="UTF-8"?><collection xmlns="http://www.loc.gov/MARC21/slim"><record><leader>00393nam--2200145-i-4500</leader><controlfield tag="001">000007128</controlfield><controlfield tag="002">20161230</controlfield><controlfield tag="005">20161230201027</controlfield><controlfield tag="008">060222s1000------------r-----000-0-eng-d</controlfield><datafield ind1=" " ind2=" " tag="080"><subfield code="a">530.12</subfield></datafield><datafield ind1=" " ind2=" " tag="100"><subfield code="a">Bohm, David</subfield></datafield><datafield ind1=" " ind2=" " tag="245"><subfield code="a">The special theory of relativity</subfield></datafield><datafield ind1=" " ind2=" " tag="260"><subfield code="a">New York, W.A.Benjamin, Inc., 1965. Xiv + 236 P</subfield></datafield><datafield ind1=" " ind2=" " tag="490"><subfield code="a">Lectures Notes And Supplements In Physics</subfield></datafield><datafield ind1=" " ind2=" " tag="852"><subfield code="a">21300</subfield></datafield></record></collection>